
@misc { referencia1,
		author = "Autor da referência 1.",
		title = "Título da referência 1",
		edition = "Terceira edição",
		year = 2007
}

@misc { referencia2,
	author = "",
	title = "Google",
	howpublished = "\url{http://www.google.com.br/}",
	year = "Acesso em: 04 de dezembro de 2014"
}

@misc { referencia3,
		author = "Rodrigues, E.L.L.",
		title = "Dicas, cuidados e orientações para a elaboração de texto para TCC",
		edition = "Sétima edição",
		year = 2015
}


@misc { enzo,
	author = "Enzo Bertini Vieira e Lara Bertini Vieira",
	title = "Sistema Autônomo de Vigilância Baseado em Dados Biológicos com Registro de	Dados na Nuvem via Smartphone",
	year = 2014
}


% % % % % % % % % % % % % % % % Embasamento Teórico % % % % % % % % % % % % % % % % % % %

@article{momm2001prototipo,
  title={Prot{\'o}tipo de um ambiente de visualiza{\c{c}}{\~a}o com t{\'e}cnicas de estereoscopia},
  author={Momm, Edson},
  journal={Trabalho de conclus{\~a}o de curso de Ci{\^e}ncias da Computa{\c{c}}{\~a}o. Orientador Prof. Dalton Solano dos Reis. Universidade Regional de Blumenau. Blumenau},
  year={2001}
}

@article{esteves2011estereoscopia,
  title={Estereoscopia no c{\'a}lculo de dist{\^a}ncia e controle de plataforma rob{\'o}tica},
  author={ESTEVES, GUSTAVO RP and FEITOSA, MA and Fernandes, Bruno Jos{\'e} Torres},
  journal={UPE-Universidade de Pernambuco, Pernambuco, RE},
  year={2011}
}

@article{borenstein1994umbmark,
  title={UMBmark: a method for measuring, comparing, and correcting dead-reckoning errors in mobile robots},
  author={Borenstein, Johann and Feng, Liqiang},
  year={1994}
}

% % % % % % % % % % % % % % % % % % % % % % % % % % % % % % % % % % % % % % % % % % % % %

%["author", "editor", "compilador", "organization" ou ["entidade" e "entidade-sub"]], "title", "subtitle", "tradutor", "direcao", "revisor", "ilustrador", "edition", "type", "publisher", "address", "local-publicacao", "volume", "volumes", "pages", "dimensions", "number", "series", "year","month", "doi", "note
@manual{ipcam,
  title={IP Camera CGI},
  author={Shenzhen Foscam Technology},
  pages={37},
  volume={1.27}
}




